@techreport{kalouptsidi2015,
  title={Identification of counterfactuals in dynamic discrete choice models},
  author={Kalouptsidi, Myrto and Scott, Paul T and Souza-Rodrigues, Eduardo},
  year={2015},
  institution={National Bureau of Economic Research}
}

@article{scott2014,
  title={Dynamic discrete choice estimation of agricultural land use},
  author={Scott, Paul},
  year={2014},
  publisher={TSE Working Paper}
}

@article{rust1987,
  title={Optimal replacement of GMC bus engines: An empirical model of Harold Zurcher},
  author={Rust, John},
  journal={Econometrica: Journal of the Econometric Society},
  pages={999--1033},
  year={1987},
  publisher={JSTOR}
}

@article{lubowski2006,
  title={Land-use change and carbon sinks: econometric estimation of the carbon sequestration supply function},
  author={Lubowski, Ruben N and Plantinga, Andrew J and Stavins, Robert N},
  journal={Journal of Environmental Economics and Management},
  volume={51},
  number={2},
  pages={135--152},
  year={2006},
  publisher={Elsevier}
}

@article{rust1987,
  title={Optimal replacement of GMC bus engines: An empirical model of Harold Zurcher},
  author={Rust, John},
  journal={Econometrica: Journal of the Econometric Society},
  pages={999--1033},
  year={1987},
  publisher={JSTOR}
}

@article{hotzmiller,
  title={Conditional choice probabilities and the estimation of dynamic models},
  author={Hotz, V Joseph and Miller, Robert A},
  journal={The Review of Economic Studies},
  volume={60},
  number={3},
  pages={497--529},
  year={1993},
  publisher={Wiley-Blackwell}
}

@article{arcidiaconoellickson,
  title={Practical methods for estimation of dynamic discrete choice models},
  author={Arcidiacono, Peter and Ellickson, Paul B},
  journal={Annu. Rev. Econ.},
  volume={3},
  number={1},
  pages={363--394},
  year={2011},
  publisher={Annual Reviews}
}

@article{kalouptsidi2020,
  title={Linear IV regression estimators for structural dynamic discrete choice models},
  author={Kalouptsidi, Myrto and Scott, Paul T and Souza-Rodrigues, Eduardo},
  journal={Journal of Econometrics},
  year={2020},
  publisher={Elsevier}
}

@article{arcidiaconomiller,
  title={Conditional choice probability estimation of dynamic discrete choice models with unobserved heterogeneity},
  author={Arcidiacono, Peter and Miller, Robert A},
  journal={Econometrica},
  volume={79},
  number={6},
  pages={1823--1867},
  year={2011},
  publisher={Wiley Online Library}
}